% This file was created with JabRef 2.7.2.
% Encoding: MacRoman

@inproceedings{nasrulin2018robust,
  title        = {A robust spatio-temporal verification protocol for blockchain},
  author       = {Nasrulin, Bulat and Muzammal, Muhammad and Qu, Qiang},
  booktitle    = {Web Information Systems Engineering--WISE 2018: 19th International Conference, Dubai, United Arab Emirates, November 12-15, 2018, Proceedings, Part I 19},
  pages        = {52--67},
  year         = {2018},
  organization = {Springer International Publishing}
}

@inproceedings{dupin2018location,
  title        = {Location-proof system based on secure multi-party computations},
  author       = {Dupin, Aur{\'e}lien and Robert, Jean-Marc and Bidan, Christophe},
  booktitle    = {Provable Security: 12th International Conference, ProvSec 2018, Jeju, South Korea, October 25-28, 2018, Proceedings},
  pages        = {22--39},
  year         = {2018},
  organization = {Springer}
}

@article{cilfone2019wireless,
  title     = {Wireless mesh networking: An IoT-oriented perspective survey on relevant technologies},
  author    = {Cilfone, Antonio and Davoli, Luca and Belli, Laura and Ferrari, Gianluigi},
  journal   = {Future Internet},
  volume    = {11},
  number    = {4},
  pages     = {99},
  year      = {2019},
  publisher = {MDPI}
}

@article{akyildiz2005wireless,
  title     = {Wireless mesh networks: a survey},
  author    = {Akyildiz, Ian F and Wang, Xudong and Wang, Weilin},
  journal   = {Computer networks},
  volume    = {47},
  number    = {4},
  pages     = {445--487},
  year      = {2005},
  publisher = {Elsevier}
}

@article{benyamina2011wireless,
  title     = {Wireless mesh networks designâ€”A survey},
  author    = {Benyamina, Djohara and Hafid, Abdelhakim and Gendreau, Michel},
  journal   = {IEEE Communications surveys \& tutorials},
  volume    = {14},
  number    = {2},
  pages     = {299--310},
  year      = {2011},
  publisher = {IEEE}
}

@inproceedings{sichitiu2005wireless,
  title     = {Wireless mesh networks: opportunities and challenges},
  author    = {Sichitiu, Mihail L},
  booktitle = {Proceedings of World Wireless Congress},
  volume    = {2},
  pages     = {21},
  year      = {2005}
}

@book{misra2009guide,
  title     = {Guide to wireless mesh networks},
  author    = {Misra, Sudip and Misra, Subhas Chandra and Woungang, Isaac},
  volume    = {9},
  number    = {9},
  year      = {2009},
  publisher = {Springer}
}

@article{hiertz2010ieee,
  title     = {IEEE 802.11 s: the WLAN mesh standard},
  author    = {Hiertz, Guido R and Denteneer, Dee and Max, Sebastian and Taori, Rakesh and Cardona, Javier and Berlemann, Lars and Walke, Bernhard},
  journal   = {IEEE Wireless Communications},
  volume    = {17},
  number    = {1},
  pages     = {104--111},
  year      = {2010},
  publisher = {IEEE}
}

@inproceedings{bari2012performance,
  title        = {Performance study of hybrid Wireless Mesh Protocol (HWMP) for IEEE 802.11 s WLAN mesh networks},
  author       = {Bari, SMS and Anwar, Farhat and Masud, MH},
  booktitle    = {2012 international conference on computer and communication engineering (ICCCE)},
  pages        = {712--716},
  year         = {2012},
  organization = {IEEE}
}

@inproceedings{seither2011routing,
  title        = {Routing performance of Wireless Mesh Networks: A practical evaluation of BATMAN advanced},
  author       = {Seither, Daniel and K{\"o}nig, Andr{\'e} and Hollick, Matthias},
  booktitle    = {2011 IEEE 36th Conference on Local Computer Networks},
  pages        = {897--904},
  year         = {2011},
  organization = {IEEE}
}

@misc{open-mesh-ogmv2,
  title = {Open-Mesh. Originator Message version 2 (OGMv2)},
  howpublished = {\url{https://www.open-mesh.org/projects/batman-adv/wiki/OGMv2}},
  note = {Accessed: 2023-02-16}
}
